%% This BibTeX bibliography file was created using BibDesk.
%% http://bibdesk.sourceforge.net/

%% Created for Andres KÃ¼tt at 2017-09-03 18:52:32 +0300 


%% Saved with string encoding Unicode (UTF-8) 



@inproceedings{winter2006essential,
	Author = {Winter, Robert and Fischer, Ronny},
	Booktitle = {Enterprise Distributed Object Computing Conference Workshops, 2006. EDOCW'06. 10th IEEE International},
	Date-Added = {2017-09-03 15:52:24 +0000},
	Date-Modified = {2017-09-03 15:52:24 +0000},
	Organization = {IEEE},
	Pages = {30--30},
	Title = {Essential layers, artifacts, and dependencies of enterprise architecture},
	Year = {2006},
	Bdsk-File-1 = {YnBsaXN0MDDUAQIDBAUGJCVYJHZlcnNpb25YJG9iamVjdHNZJGFyY2hpdmVyVCR0b3ASAAGGoKgHCBMUFRYaIVUkbnVsbNMJCgsMDxJXTlMua2V5c1pOUy5vYmplY3RzViRjbGFzc6INDoACgAOiEBGABIAFgAdccmVsYXRpdmVQYXRoWWFsaWFzRGF0YV8QJldpRmkwN19Fc3NlbnRpYWxMYXllcnNfSkVBX01heTIwMDcucGRm0hcLGBlXTlMuZGF0YU8RAfwAAAAAAfwAAgAADE1hY2ludG9zaCBIRAAAAAAAAAAAAAAAAAAAANNQ08ZIKwAAANRamx9XaUZpMDdfRXNzZW50aWFsTGF5ZSNERDM0MjgucGRmAAAAAAAAAAAAAAAAAAAAAAAAAAAAAAAAAAAAAAAAAAAA3TQo1dH/hwAAAAAAAAAAAAEAAgAACSAAAAAAAAAAAAAAAAAAAAAMaWR1MTMyMSAtIEVBABAACAAA01CplgAAABEACAAA1dHVVwAAAAEAEADUWpsAGwLFAAmNKwAGMLwAAgBWTWFjaW50b3NoIEhEOlVzZXJzOgBhbmRyZXNreXR0OgBEcm9wYm94OgBpZHUxMzIxIC0gRUE6AFdpRmkwN19Fc3NlbnRpYWxMYXllI0REMzQyOC5wZGYADgBOACYAVwBpAEYAaQAwADcAXwBFAHMAcwBlAG4AdABpAGEAbABMAGEAeQBlAHIAcwBfAEoARQBBAF8ATQBhAHkAMgAwADAANwAuAHAAZABmAA8AGgAMAE0AYQBjAGkAbgB0AG8AcwBoACAASABEABIATFVzZXJzL2FuZHJlc2t5dHQvRHJvcGJveC9pZHUxMzIxIC0gRUEvV2lGaTA3X0Vzc2VudGlhbExheWVyc19KRUFfTWF5MjAwNy5wZGYAEwABLwAAFQACABH//wAAgAbSGxwdHlokY2xhc3NuYW1lWCRjbGFzc2VzXU5TTXV0YWJsZURhdGGjHR8gVk5TRGF0YVhOU09iamVjdNIbHCIjXE5TRGljdGlvbmFyeaIiIF8QD05TS2V5ZWRBcmNoaXZlctEmJ1Ryb290gAEACAARABoAIwAtADIANwBAAEYATQBVAGAAZwBqAGwAbgBxAHMAdQB3AIQAjgC3ALwAxALEAsYCywLWAt8C7QLxAvgDAQMGAxMDFgMoAysDMAAAAAAAAAIBAAAAAAAAACgAAAAAAAAAAAAAAAAAAAMy}}

@incollection{bertin2014urbanization,
	Author = {Bertin, Emmanuel and Crespi, Noel},
	Booktitle = {Digital Enterprise Design \& Management},
	Date-Added = {2017-09-03 07:11:16 +0000},
	Date-Modified = {2017-09-03 07:11:16 +0000},
	Pages = {83--91},
	Publisher = {Springer},
	Title = {Urbanization of information systems: an outdated method?},
	Year = {2014},
	Bdsk-File-1 = {YnBsaXN0MDDUAQIDBAUGJCVYJHZlcnNpb25YJG9iamVjdHNZJGFyY2hpdmVyVCR0b3ASAAGGoKgHCBMUFRYaIVUkbnVsbNMJCgsMDxJXTlMua2V5c1pOUy5vYmplY3RzViRjbGFzc6INDoACgAOiEBGABIAFgAdccmVsYXRpdmVQYXRoWWFsaWFzRGF0YV8QUjIwMTQtMDItRW1tYW51ZWwtQmVydGluLVVyYmFuaXphdGlvbi1vZi1JbmZvcm1hdGlvbi1TeXN0ZW1zLWFuLW91dGRhdGVkLW1ldGhvZC5wZGbSFwsYGVdOUy5kYXRhTxECgAAAAAACgAACAAAMTWFjaW50b3NoIEhEAAAAAAAAAAAAAAAAAAAA01DTxkgrAAAA1FqbHzIwMTQtMDItRW1tYW51ZWwtQmVyI0REMEYxRC5wZGYAAAAAAAAAAAAAAAAAAAAAAAAAAAAAAAAAAAAAAAAAAADdDx3V0YHaAAAAAAAAAAAAAQACAAAJIAAAAAAAAAAAAAAAAAAAAAxpZHUxMzIxIC0gRUEAEAAIAADTUKmWAAAAEQAIAADV0VeqAAAAAQAQANRamwAbAsUACY0rAAYwvAACAFZNYWNpbnRvc2ggSEQ6VXNlcnM6AGFuZHJlc2t5dHQ6AERyb3Bib3g6AGlkdTEzMjEgLSBFQToAMjAxNC0wMi1FbW1hbnVlbC1CZXIjREQwRjFELnBkZgAOAKYAUgAyADAAMQA0AC0AMAAyAC0ARQBtAG0AYQBuAHUAZQBsAC0AQgBlAHIAdABpAG4ALQBVAHIAYgBhAG4AaQB6AGEAdABpAG8AbgAtAG8AZgAtAEkAbgBmAG8AcgBtAGEAdABpAG8AbgAtAFMAeQBzAHQAZQBtAHMALQBhAG4ALQBvAHUAdABkAGEAdABlAGQALQBtAGUAdABoAG8AZAAuAHAAZABmAA8AGgAMAE0AYQBjAGkAbgB0AG8AcwBoACAASABEABIAeFVzZXJzL2FuZHJlc2t5dHQvRHJvcGJveC9pZHUxMzIxIC0gRUEvMjAxNC0wMi1FbW1hbnVlbC1CZXJ0aW4tVXJiYW5pemF0aW9uLW9mLUluZm9ybWF0aW9uLVN5c3RlbXMtYW4tb3V0ZGF0ZWQtbWV0aG9kLnBkZgATAAEvAAAVAAIAEf//AACABtIbHB0eWiRjbGFzc25hbWVYJGNsYXNzZXNdTlNNdXRhYmxlRGF0YaMdHyBWTlNEYXRhWE5TT2JqZWN00hscIiNcTlNEaWN0aW9uYXJ5oiIgXxAPTlNLZXllZEFyY2hpdmVy0SYnVHJvb3SAAQAIABEAGgAjAC0AMgA3AEAARgBNAFUAYABnAGoAbABuAHEAcwB1AHcAhACOAOMA6ADwA3QDdgN7A4YDjwOdA6EDqAOxA7YDwwPGA9gD2wPgAAAAAAAAAgEAAAAAAAAAKAAAAAAAAAAAAAAAAAAAA+I=}}

@article{maccormack2012exploring,
	Author = {MacCormack, Alan and Baldwin, Carliss and Rusnak, John},
	Date-Added = {2017-09-03 06:51:31 +0000},
	Date-Modified = {2017-09-03 06:51:31 +0000},
	Journal = {Research Policy},
	Number = {8},
	Pages = {1309--1324},
	Publisher = {Elsevier},
	Title = {Exploring the duality between product and organizational architectures: A test of the ``mirroring'' hypothesis},
	Volume = {41},
	Year = {2012}}

@article{conway1968committees,
	Author = {Conway, Melvin E},
	Date-Added = {2017-09-03 06:47:57 +0000},
	Date-Modified = {2017-09-03 06:47:57 +0000},
	Journal = {Datamation},
	Number = {4},
	Pages = {28--31},
	Title = {How do committees invent},
	Volume = {14},
	Year = {1968},
	Bdsk-File-1 = {YnBsaXN0MDDUAQIDBAUGJCVYJHZlcnNpb25YJG9iamVjdHNZJGFyY2hpdmVyVCR0b3ASAAGGoKgHCBMUFRYaIVUkbnVsbNMJCgsMDxJXTlMua2V5c1pOUy5vYmplY3RzViRjbGFzc6INDoACgAOiEBGABIAFgAdccmVsYXRpdmVQYXRoWWFsaWFzRGF0YV5jb21taXR0ZWVzLnBkZtIXCxgZV05TLmRhdGFPEQGkAAAAAAGkAAIAAAxNYWNpbnRvc2ggSEQAAAAAAAAAAAAAAAAAAADTUNPGSCsAAADUWpsOY29tbWl0dGVlcy5wZGYAAAAAAAAAAAAAAAAAAAAAAAAAAAAAAAAAAAAAAAAAAAAAAAAAAAAAAAAAAAAAAAAAAN0Nu9XRgGEAAAAAAAAAAAABAAIAAAkgAAAAAAAAAAAAAAAAAAAADGlkdTEzMjEgLSBFQQAQAAgAANNQqZYAAAARAAgAANXRVjEAAAABABAA1FqbABsCxQAJjSsABjC8AAIARU1hY2ludG9zaCBIRDpVc2VyczoAYW5kcmVza3l0dDoARHJvcGJveDoAaWR1MTMyMSAtIEVBOgBjb21taXR0ZWVzLnBkZgAADgAeAA4AYwBvAG0AbQBpAHQAdABlAGUAcwAuAHAAZABmAA8AGgAMAE0AYQBjAGkAbgB0AG8AcwBoACAASABEABIANFVzZXJzL2FuZHJlc2t5dHQvRHJvcGJveC9pZHUxMzIxIC0gRUEvY29tbWl0dGVlcy5wZGYAEwABLwAAFQACABH//wAAgAbSGxwdHlokY2xhc3NuYW1lWCRjbGFzc2VzXU5TTXV0YWJsZURhdGGjHR8gVk5TRGF0YVhOU09iamVjdNIbHCIjXE5TRGljdGlvbmFyeaIiIF8QD05TS2V5ZWRBcmNoaXZlctEmJ1Ryb290gAEACAARABoAIwAtADIANwBAAEYATQBVAGAAZwBqAGwAbgBxAHMAdQB3AIQAjgCdAKIAqgJSAlQCWQJkAm0CewJ/AoYCjwKUAqECpAK2ArkCvgAAAAAAAAIBAAAAAAAAACgAAAAAAAAAAAAAAAAAAALA}}

@book{crawley2015system,
	Author = {Crawley, Edward and Cameron, Bruce and Selva, Daniel},
	Date-Added = {2017-08-27 16:27:42 +0000},
	Date-Modified = {2017-08-27 16:27:42 +0000},
	Publisher = {Prentice Hall Press},
	Title = {System architecture: Strategy and product development for complex systems},
	Year = {2015}}

@incollection{holt2017so,
	Author = {Holt, Steven and Collopy, Paul and DeTurris, Dianne},
	Booktitle = {Transdisciplinary Perspectives on Complex Systems},
	Date-Added = {2017-08-08 19:31:18 +0000},
	Date-Modified = {2017-08-08 19:31:18 +0000},
	Pages = {25--48},
	Publisher = {Springer},
	Title = {So It's Complex, Why Do I Care?},
	Year = {2017}}

@book{longepe2003enterprise,
	Author = {Long{\'e}p{\'e}, Christophe},
	Date-Added = {2017-08-04 13:12:11 +0000},
	Date-Modified = {2017-08-04 13:12:11 +0000},
	Publisher = {Elsevier},
	Title = {The enterprise architecture IT project: the urbanisation paradigm},
	Year = {2003}}

@book{umldistilled,
	Author = {Martin Fowler},
	Date-Added = {2017-08-04 12:41:20 +0000},
	Date-Modified = {2017-08-04 12:42:18 +0000},
	Edition = {3},
	Editor = {Margus Freudenthal and Vello Hanson},
	Publisher = {Cybernetica},
	Title = {UMLi kontsentraat : objektmodelleerimise standardkeele UML 2.0 l{\"u}hijuhend},
	Year = {2007}}

@misc{OPM,
	Author = {Olivier de Weck},
	Date-Added = {2017-08-04 12:36:50 +0000},
	Date-Modified = {2017-08-04 12:38:58 +0000},
	Publisher = {Massachusetts Institute of Technology: MIT OpenCourseWare, \url{https://ocw.mit.edu}.},
	Title = {16.842 Fundamentals of Systems Engineering. Fall 2015. Session 3 \url{https://ocw.mit.edu/courses/aeronautics-and-astronautics/16-842-fundamentals-of-systems-engineering-fall-2015/lecture-notes/MIT16_842F15_Ses3_sysmodlg.pdf}},
	Year = {2015}}

@book{stanford2005guide,
	Author = {Stanford, Naomi},
	Date-Added = {2017-08-04 12:07:29 +0000},
	Date-Modified = {2017-08-04 12:08:19 +0000},
	Edition = {2},
	Publisher = {Profile Books},
	Title = {Guide to organisation design},
	Year = {2015}}

@book{simon1996sciences,
	Author = {Simon, Herbert Alexander},
	Date-Added = {2017-08-04 12:01:48 +0000},
	Date-Modified = {2017-08-04 12:02:40 +0000},
	Edition = {3rd},
	Publisher = {MIT press},
	Title = {The sciences of the artificial},
	Year = {1996}}

@unpublished{sysengineering,
	Author = {Edward Crawley and Oliver de Weck},
	Date-Added = {2017-08-04 11:48:30 +0000},
	Date-Modified = {2017-09-03 07:25:51 +0000},
	Note = {\url{http://web.mit.edu/deweck/www/PDF_archive/4%20Other%20Major%20Pubs/4_2_AFOSR_MIT-Crawley_deWeck.pdf}},
	Title = {{System Architecture. An Overview and Agenda}},
	Year = {2002}}

@misc{hickey,
	Author = {Kevin Hickey},
	Date-Added = {2017-08-04 11:33:20 +0000},
	Date-Modified = {2017-08-04 12:31:25 +0000},
	Title = {The Role of an Enterprise Architect in a Lean Enterprise \url{https://martinfowler.com/articles/ea-in-lean-enterprise.html}},
	Year = {2015}}

@article{parsons2005enterprise,
	Author = {Rebecca J. Parsons},
	Date-Added = {2017-08-04 11:27:13 +0000},
	Date-Modified = {2017-08-04 11:29:45 +0000},
	Journal = {IEEE Software},
	Number = {5},
	Pages = {16--17},
	Publisher = {IEEE},
	Title = {Enterprise architects join the team},
	Volume = {22},
	Year = {2005}}
